






@article{doi:10.1080/03043799508928291,

title = {Stepping Motors and Their Microprocessor Controls, Second Edition Takashi Kenjo \& Akira Sugawara, 1994 Oxford, Oxford University Press ISBN 0 19 859385 6},
journal = {European Journal of Engineering Education},
volume = {20},
number = {3},
pages = {386-386},
year  = {1995},
publisher = {Taylor & Francis},
doi = {10.1080/03043799508928291},

URL = { 
        https://doi.org/10.1080/03043799508928291
    
},
eprint = { 
        https://doi.org/10.1080/03043799508928291
    
}

}


