bplist00ÔøΩ_WebMainResourceÔøΩ	
_WebResourceMIMEType_WebResourceTextEncodingName^WebResourceURL_WebResourceFrameName_WebResourceDataZtext/plainUUTF-8_Chttps://ecs.wgtn.ac.nz/foswiki/pub/Main/ProjectTemplates/sample.bibPO
<html><head></head><body><pre style="word-wrap: break-word; white-space: pre-wrap;">%% This BibTeX bibliography file was created using BibDesk.
%% http://www.cs.ucsd.edu/~mmccrack/bibdesk.html


%% Created for neil at 2002-12-09 14:04:13 +1300 


@article{step_book,
  title     = {Stepping Motors and Their Microprocessor Controls, Second Edition Takashi Kenjo \& Akira Sugawara, 1994 Oxford, Oxford University Press ISBN 0 19 859385 6},
  journal   = {European Journal of Engineering Education},
  volume    = {20},
  number    = {3},
  pages     = {386-386},
  year      = {1995},
  publisher = {Taylor & Francis},
  doi       = {10.1080/03043799508928291},
  url       = { 
        https://doi.org/10.1080/03043799508928291
    
},
  eprint    = {https://doi.org/10.1080/03043799508928291}
}

@article{step_app,
  year      = {2014},
  title     = {Implementing a Step-Direction Interface-based Stepper Motor Controller},
  journal   = {Application Note AC413},
  publisher = {Microsemi},
  pages     = {1-9},
  author    = {-}
}

@misc{pololu,
  author       = {Pololu},
  title        = {DRV8824 Application Diagram},
  howpublished = {online},
  year         = {2001-2021},
  url          = { 
        https://a.pololu-files.com/picture/0J4232.600.png?f2f6269e0a80c41f0a5147915106aa55
    
}
}

@article{box_only,
author = {Wang, Tian-Shi and Shi, Wan-Yuan},
year = {2019},
month = {03},
pages = {1270-1278},
title = {Influence of substrate temperature on Marangoni convection instabilities in a sessile droplet evaporating at constant contact line mode},
volume = {131},
journal = {International Journal of Heat and Mass Transfer},
doi = {10.1016/j.ijheatmasstransfer.2018.11.155}
}

@article{measure_only,
author = {Gatapova, Elizaveta and Semenov, Andrey and Zaitsev, Dmitry and Kabov, Oleg},
year = {2014},
month = {01},
pages = {776-785},
title = {Evaporation of a sessile water drop on a heated surface with controlled wettability},
volume = {441},
journal = {Colloids and Surfaces A Physicochemical and Engineering Aspects},
doi = {10.1016/j.colsurfa.2013.05.046}
}


@inproceedings{motors,
author = {Fras√£o, Max and Oliveira, Arthur and Gon√ßalves dos Santos, Rog√©rio},
year = {2018},
month = {03},
pages = {},
title = {Determination of Nukiyama and Leidenfrost Temperatures for Hydrocarbons using the Droplet Evaporation Method}
}

@article{duel_rig,
author = {David, S. and Sefiane, K. and Tadrist, Lounes},
year = {2007},
month = {04},
pages = {108-114},
title = {Experimental investigation of the effect of thermal properties of the substrate in the wetting and evaporation of sessile drops},
volume = {298},
journal = {Colloids and Surfaces A: Physicochemical and Engineering Aspects},
doi = {10.1016/j.colsurfa.2006.12.018}
}

@article{non_newt,
author = {Moon, Joo Hyun and Kim, Dae and Lee, Seong},
year = {2014},
month = {09},
pages = {},
title = {Spreading and receding characteristics of a non-Newtonian droplet impinging on a heated surface},
volume = {57},
journal = {Experimental Thermal and Fluid Science},
doi = {10.1016/j.expthermflusci.2014.04.003}
}

@article{fixed_pump,
author = {H√§nichen, Philipp and Bender, Achim and Vo√ü, Bernhard and Gambaryan-Roisman, Tatiana and Stephan, Peter},
year = {2019},
month = {01},
pages = {115-124},
title = {Drop evaporation of hydrocarbon fluids with deposit formation},
volume = {128},
journal = {International Journal of Heat and Mass Transfer},
doi = {10.1016/j.ijheatmasstransfer.2018.08.102}
}